<?xml version="1.0" encoding="UTF-8" ?><marc:collection xmlns:marc="http://www.loc.gov/MARC21/slim" xmlns:xsi="http://www.w3.org/2001/XMLSchema-instance" xsi:schemaLocation="http://www.loc.gov/MARC21/slim http://www.loc.gov/standards/marcxml/schema/MARC21slim.xsd">
<marc:record><marc:leader>00742nam a2200253Mi 4500</marc:leader>
<marc:controlfield tag="001">$$aocn317509050</marc:controlfield>
<marc:controlfield tag="003">$$aOCoLC</marc:controlfield><marc:controlfield tag="005">$$a2009041312102</marc:controlfield><marc:controlfield tag="008">090401s2008    bl            000 0 por d</marc:controlfield><marc:datafield tag="020" ind1=" " ind2=" "><marc:subfield code="a">9788574401102</marc:subfield></marc:datafield><marc:datafield tag="020" ind1=" " ind2=" "><marc:subfield code="a">8574401102</marc:subfield></marc:datafield><marc:datafield tag="035" ind1=" " ind2=" "><marc:subfield code="a">(OCoLC)317509050</marc:subfield></marc:datafield><marc:datafield tag="040" ind1=" " ind2=" "><marc:subfield code="a">NLGGC</marc:subfield><marc:subfield code="b">dut</marc:subfield><marc:subfield code="c">NLGGC</marc:subfield><marc:subfield code="e">fobidrtb</marc:subfield></marc:datafield><marc:datafield tag="041" ind1="0" ind2=" "><marc:subfield code="a">por</marc:subfield></marc:datafield><marc:datafield tag="044" ind1=" " ind2=" "><marc:subfield code="a">bl</marc:subfield></marc:datafield><marc:datafield tag="092" ind1="0" ind2=" "><marc:subfield code="a">469.5</marc:subfield></marc:datafield><marc:datafield tag="100" ind1="1" ind2=" "><marc:subfield code="a">Ali, Manuel Said</marc:subfield><marc:subfield code="d">1861-1953</marc:subfield></marc:datafield><marc:datafield tag="245" ind1="1" ind2="0"><marc:subfield code="a">Dificuldades da língua Portuguêsa</marc:subfield><marc:subfield code="b">estudos e observaçoes</marc:subfield><marc:subfield code="c">Manoel Said Ali.</marc:subfield></marc:datafield><marc:datafield tag="250" ind1=" " ind2=" "><marc:subfield code="a">7a ed.</marc:subfield></marc:datafield><marc:datafield tag="260" ind1=" " ind2=" "><marc:subfield code="a">Rio de Janeiro,</marc:subfield><marc:subfield code="b">ABL: Biblioteca Nacional</marc:subfield><marc:subfield code="c">2008.</marc:subfield></marc:datafield><marc:datafield tag="300" ind1=" " ind2=" "><marc:subfield code="a">231 p</marc:subfield></marc:datafield><marc:datafield tag="490" ind1=" " ind2=" "><marc:subfield code="a">Coleção Antônio de Morais Silva</marc:subfield><marc:subfield code="v">v.7</marc:subfield></marc:datafield><marc:datafield tag="650" ind1=" " ind2="7"><marc:subfield code="a">LÍNGUA PORTUGUESA (GRAMÁTICA)</marc:subfield><marc:subfield code="2">larpcal</marc:subfield></marc:datafield><marc:datafield tag="945" ind1=" " ind2=" "><marc:subfield code="a">L</marc:subfield><marc:subfield code="b">LIVRO</marc:subfield><marc:subfield code="c">01</marc:subfield></marc:datafield></marc:record>
</marc:collection>
